<record><leader>00000cas a22000007a 4500</leader><controlfield tag="001">31059867</controlfield><controlfield tag="008">940907d18741874mauwr ne      0    0eng d</controlfield><datafield ind1=" " ind2=" " tag="010"><subfield code="a">sn 94055635 </subfield></datafield><datafield ind1=" " ind2=" " tag="040"><subfield code="a">MGN</subfield><subfield code="b">eng</subfield><subfield code="c">MGN</subfield><subfield code="d">OCLCQ</subfield></datafield><datafield ind1=" " ind2=" " tag="042"><subfield code="a">msc</subfield></datafield><datafield ind1="0" ind2=" " tag="130"><subfield code="a">People's choice (Ipswich, Mass.)</subfield></datafield><datafield ind1="1" ind2="4" tag="245"><subfield code="a">The People's choice.</subfield></datafield><datafield ind1="1" ind2="3" tag="246"><subfield code="a">Ipswich chronicle</subfield></datafield><datafield ind1=" " ind2=" " tag="260"><subfield code="a">Ipswich, Mass. :</subfield><subfield code="b">Edward L. Davenport</subfield></datafield><datafield ind1=" " ind2=" " tag="300"><subfield code="a">v.</subfield></datafield><datafield ind1=" " ind2=" " tag="310"><subfield code="a">Weekly</subfield></datafield><datafield ind1="0" ind2=" " tag="362"><subfield code="a">Vol. 1, no. 1 (Dec. 5, 1874).</subfield></datafield><datafield ind1=" " ind2=" " tag="500"><subfield code="a">A single issue experiment when the Ipswich chronicle was experiencing financial collection difficulties.</subfield></datafield><datafield ind1=" " ind2=" " tag="752"><subfield code="a">United States</subfield><subfield code="b">Massachusetts</subfield><subfield code="c">Essex</subfield><subfield code="d">Ipswich.</subfield></datafield><datafield ind1="0" ind2=" " tag="775"><subfield code="t">Ipswich chronicle (Ipswich, Mass. : 1872)</subfield><subfield code="w">(DLC)sn 83020242</subfield></datafield></record>